<?xml version="1.0" encoding="UTF-8"?><collection xmlns="http://www.loc.gov/MARC21/slim"><record><leader>00541nam--2200181-i-4500</leader><controlfield tag="001">000028276</controlfield><controlfield tag="002">20161230</controlfield><controlfield tag="005">20161230201037</controlfield><controlfield tag="008">060222s1000------------r-----000-0-eng-d</controlfield><datafield ind1=" " ind2=" " tag="040"><subfield code="a">IFIN-HH</subfield></datafield><datafield ind1="1" ind2=" " tag="100"><subfield code="a">Kennard, Earle H</subfield></datafield><datafield ind1="1" ind2="0" tag="245"><subfield code="a">Kinetic theory of gases</subfield><subfield code="b">With an introduction to stastical mechanics</subfield><subfield code="c">Earle h. kennard</subfield></datafield><datafield ind1=" " ind2=" " tag="250"><subfield code="a">First Edition</subfield></datafield><datafield ind1=" " ind2=" " tag="260"><subfield code="a">New - York, Mcgraw - Hill Book Co., Inc., 1938</subfield></datafield><datafield ind1=" " ind2=" " tag="300"><subfield code="a">XIII 483P</subfield></datafield><datafield ind1=" " ind2=" " tag="490"><subfield code="a">International Series in Physics</subfield></datafield><datafield ind1=" " ind2=" " tag="852"><subfield code="a">591</subfield><subfield code="c">533.7</subfield></datafield><datafield ind1=" " ind2=" " tag="CAT"><subfield code="a">Sys</subfield><subfield code="c">20100914</subfield><subfield code="h">142743</subfield></datafield></record></collection>